
@article{martins_etal2011,
    author = {C.M. Martins and Lima, W.A. and Barbosa, V.C.F and Silva, J.B.C.},
    title = {Total variation regularization for depth-to-basement estimate: {P}art 1 - Mathematical details and applications},
    journal = {Geophysics},
    volume = {76},
    year = {2011},
    pages = {I1--I12}
}

@book{aster_etal2005,
    author = "Graham, R.L.",
    title = "Concrete mathematics",
    publisher = "Addison-Wesley",
    address = "Reading, MA",
    year = "1989"
}
